@article{andrade2020,
	author    = {Lucas Andrade and Fernanda Gomes},
	title     = {Análise de padrões climáticos utilizando redes neurais: um estudo sobre o semiárido brasileiro},
	journal   = {Revista Brasileira de Meteorologia},
	volume    = {34},
	number    = {2},
	pages     = {210--225},
	year      = {2020},
	month     = {Junho},
	keywords  = {climatologia, redes neurais, semiárido},
	abstract  = {Este estudo explora o uso de redes neurais para identificar padrões climáticos no semiárido brasileiro, com ênfase na previsão de chuvas irregulares.}
}

@inproceedings{pereira2019,
	author    = {Carlos Pereira and Ana Lima},
	title     = {Previsão de secas no Nordeste brasileiro utilizando algoritmos de aprendizado profundo},
	booktitle = {Congresso Brasileiro de Inteligência Artificial},
	year      = {2019},
	pages     = {55--66},
	address   = {Salvador, Brasil},
	publisher = {SBIA},
	keywords  = {secas, aprendizado profundo, previsão climática, Nordeste},
	abstract  = {Este artigo apresenta um modelo de aprendizado profundo aplicado à previsão de secas prolongadas no Nordeste do Brasil.}
}

@book{santos2018,
	author    = {Roberto dos Santos},
	title     = {Modelagem Computacional de Eventos Climáticos Extremos},
	publisher = {Editora Acadêmica Brasileira},
	year      = {2018},
	address   = {São Paulo, Brasil},
	keywords  = {modelagem climática, eventos extremos, previsão},
	abstract  = {Este livro discute técnicas de modelagem computacional aplicadas à previsão de eventos climáticos extremos, com foco no Brasil.}
}

@article{almeida2021,
	author    = {José Almeida and Marta Ferreira},
	title     = {Uso de aprendizado de máquina na previsão de secas e inundações no semiárido},
	journal   = {Journal of Climate Analytics},
	volume    = {12},
	number    = {1},
	pages     = {78--92},
	year      = {2021},
	month     = {Março},
	keywords  = {aprendizado de máquina, secas, inundações, semiárido},
	abstract  = {Este artigo investiga a aplicação de aprendizado de máquina na previsão de eventos extremos como secas e inundações em regiões semiáridas.}
}

@inproceedings{ribeiro2017,
	author    = {Marcos Ribeiro and Carla Nunes},
	title     = {Análise de séries temporais climáticas no Nordeste brasileiro},
	booktitle = {Simpósio Brasileiro de Climatologia Aplicada},
	year      = {2017},
	pages     = {112--123},
	address   = {Fortaleza, Brasil},
	publisher = {SBC},
	keywords  = {séries temporais, clima, Nordeste, análise de dados},
	abstract  = {Este trabalho apresenta uma análise detalhada de séries temporais de dados climáticos no Nordeste brasileiro, com ênfase na variabilidade interanual.}
}

@article{souza2022,
	author    = {Fernanda Souza and Pedro Martins},
	title     = {Desenvolvimento de um sistema preditivo para a variabilidade climática no semiárido usando aprendizado supervisionado},
	journal   = {Journal of Environmental Data Science},
	volume    = {8},
	number    = {3},
	pages     = {300--317},
	year      = {2022},
	month     = {Agosto},
	keywords  = {aprendizado supervisionado, variabilidade climática, semiárido},
	abstract  = {O artigo discute o desenvolvimento de um sistema de previsão climática utilizando aprendizado supervisionado, com foco na região semiárida brasileira.}
}

@book{oliveira2019,
	author    = {Laura Oliveira},
	title     = {Técnicas de Mineração de Dados Aplicadas à Previsão Climática},
	publisher = {Editora Ciência e Tecnologia},
	year      = {2019},
	address   = {Rio de Janeiro, Brasil},
	keywords  = {mineração de dados, previsão climática, eventos extremos},
	abstract  = {Este livro aborda diferentes técnicas de mineração de dados aplicadas à previsão climática, com estudos de caso no Brasil.}
}

@article{campos2023,
	author    = {Juliana Campos and Rafael Menezes},
	title     = {Algoritmos de aprendizado de máquina aplicados à previsão de chuvas intensas no semiárido},
	journal   = {Revista Brasileira de Inteligência Computacional},
	volume    = {15},
	number    = {1},
	pages     = {45--60},
	year      = {2023},
	month     = {Janeiro},
	keywords  = {aprendizado de máquina, previsão de chuvas, semiárido},
	abstract  = {O artigo analisa o uso de diferentes algoritmos de aprendizado de máquina para prever chuvas intensas na região semiárida do Brasil.}
}

@inbook{silva2020,
	author    = {Daniel Silva and Renata Barros},
	title     = {Previsão de Eventos Climáticos no Semiárido: Métodos e Desafios},
	booktitle = {Inovações em Climatologia Aplicada},
	year      = {2020},
	pages     = {155--178},
	publisher = {Editora Universitária},
	address   = {Recife, Brasil},
	keywords  = {previsão climática, semiárido, desafios, inovações},
	abstract  = {O capítulo explora os principais métodos e desafios na previsão de eventos climáticos na região semiárida, com ênfase no uso de aprendizado de máquina.}
}

@techreport{melo2021,
	author    = {André Melo and Bianca Costa},
	title     = {Relatório Técnico: Impactos das Secas no Semiárido Brasileiro e Possíveis Soluções Tecnológicas},
	institution = {Instituto Nacional de Meteorologia (INMET)},
	year      = {2021},
	address   = {Brasília, Brasil},
	keywords  = {secas, soluções tecnológicas, semiárido, mitigação},
	abstract  = {Este relatório técnico avalia os impactos das secas no semiárido brasileiro e propõe soluções tecnológicas baseadas em previsões climáticas para mitigação dos efeitos.}
}
